% Encoding: UTF-8
%% 1
@misc{gou2022zhong,
  author = {国家统计局},
  title = {中华人民共和国2021年国民经济和社会发展统计公报},
  url = {http://www.stats.gov.cn/tjsj/zxfb/202202/t20220227_1827960.html},
  year = {2022},
}
%% 2
@misc{shi2022dao,
	author = {世界卫生组织},
	title = {道路交通伤害},
	url = {https://www.who.int/zh/news-room/fact-sheets/detail/road-traffic-injuries},
	year = {2022},
}
%% 3
@misc{shen2022zhong,
	author = {生态环境部},
	title = {中国移动源环境管理年报},
	url = {https://www.mee.gov.cn/hjzl/sthjzk/ydyhjgl/202212/W020221207387013521948.pdf},
	year = {2022},
}
%% 4
@misc{zhong2019jiao,
	author = {中共中央、国务院},
	title = {交通强国建设纲要},
	url = {http://www.gov.cn/zhengce/2019-09/19/content_5431432.htm},
	year = {2019},
}
%% 5
@misc{guo2020zi,
  author = {国家发展和改革委员会、中央网信办、科技部、工业与信息化部等十一部委},
  title = {智能汽车创新发展战略},
  url = {https://www.ndrc.gov.cn/xxgk/zcfb/tz/202002/P020200224573058971435.pdf},
  year = {2020},
}
%% 6
@misc{ke2022ke,
  author = {科技部},
  title = {科技部关于支持建设新一代人工智能示范应用场景的通知},
  url = {https://www.most.gov.cn/xxgk/xinxifenlei/fdzdgknr/qtwj/qtwj2022/202208/t20220815_181874.html},
  year = {2022},
}

@book{lee2016introduction,
  title={Introduction to embedded systems: A cyber-physical systems approach},
  author={Lee, Edward Ashford and Seshia, Sanjit Arunkumar},
  year={2016},
  address={Cambridge, Massachusetts},
  publisher={Mit Press}
}

@inproceedings{li2011human,
  title={Human factors-aware service scheduling in vehicular cyber-physical systems},
  author={Li, Xu and Yu, Xuegang and Wagh, Aditya and Qiao, Chunming},
  booktitle={Proceedings of IEEE International Conference on Computer Communications (INFOCOM)},
  pages={2174--2182},
  address={Shanghai, China},
  year={2011},
  publisher={IEEE}
}

@misc{zhong2021che,
	author = {中国信通院},
	title = {车联网白皮书},
	url = {http://www.caict.ac.cn/kxyj/qwfb/bps/202112/P020211224634954242855.pdf},
	year = {2021},
}

@article{wu2013vehicular,
  title={Vehicular communications using DSRC: Challenges, enhancements, and evolution},
  author={Wu, Xinzhou and Subramanian, Sundar and Guha, Ratul and White, Robert G and Li, Junyi and Lu, Kevin W and Bucceri, Anthony and Zhang, Tao},
  journal={IEEE Journal on Selected Areas in Communications},
  volume={31},
  number={9},
  pages={399--408},
  year={2013},
  publisher={IEEE}
}

@article{chen2016lte,
  title={LTE-V: A TD-LTE-based V2X solution for future vehicular network},
  author={Chen, Shanzhi and Hu, Jinling and Shi, Yan and Zhao, Li},
  journal={IEEE Internet of Things Journal},
  volume={3},
  number={6},
  pages={997--1005},
  year={2016},
  publisher={IEEE}
}

@book{cheng2021feng,
  title={蜂窝车联网（C-V2X）},
  author={陈山枝 and 胡金玲 and others},
  address={北京},
  year={2021},
  publisher={人民邮电出版社}
}

@article{liu2013improving,
  title={Improving positioning accuracy using GPS pseudorange measurements for cooperative vehicular localization},
  author={Liu, Kai and Lim, Hock Beng and Frazzoli, Emilio and Ji, Houling and Lee, Victor CS},
  journal={IEEE Transactions on Vehicular Technology},
  volume={63},
  number={6},
  pages={2544--2556},
  year={2013},
  publisher={IEEE}
}

@article{kenney2011dedicated,
  title={Dedicated short-range communications (DSRC) standards in the United States},
  author={Kenney, John B},
  journal={Proceedings of the IEEE},
  volume={99},
  number={7},
  pages={1162--1182},
  year={2011},
  publisher={IEEE}
}


@article{he2016sdvn,
  title={SDVN: Enabling rapid network innovation for heterogeneous vehicular communication},
  author={He, Zongjian and Cao, Jiannong and Liu, Xuefeng},
  journal={IEEE Network},
  volume={30},
  number={4},
  pages={10--15},
  year={2016},
  publisher={IEEE}
}

@article{huang2017exploring,
  title={Exploring mobile edge computing for 5G-enabled software defined vehicular networks},
  author={Huang, Xumin and Yu, Rong and Kang, Jiawen and He, Yejun and Zhang, Yan},
  journal={IEEE Wireless Communications},
  volume={24},
  number={6},
  pages={55--63},
  year={2017},
  publisher={IEEE}
}

@article{liu2016cooperative,
  title={Cooperative data scheduling in hybrid vehicular ad hoc networks: VANET as a software defined network},
  author={Liu, Kai and Ng, Joseph KY and Lee, Victor CS and Son, Sang H and Stojmenovic, Ivan},
  journal={IEEE/ACM Transactions on Networking},
  volume={24},
  number={3},
  pages={1759-1773},
  year={2016},
  publisher={IEEE}
}

@article{dai2018cooperative,
  title={Cooperative temporal data dissemination in SDN-based heterogeneous vehicular networks},
  author={Dai, Penglin and Liu, Kai and Wu, Xiao and Yu, Zhaofei and Xing, Huanlai and Lee, Victor Chung Sing},
  journal={IEEE Internet of Things Journal},
  volume={6},
  number={1},
  pages={72--83},
  year={2018},
  publisher={IEEE}
}

@article{luo2018sdnmac,
  title={sdnMAC: A software-defined network inspired MAC protocol for cooperative safety in VANETs},
  author={Luo, Guiyang and Li, Jinglin and Zhang, Lin and Yuan, Quan and Liu, Zhihan and Yang, Fangchun},
  journal={IEEE Transactions on Intelligent Transportation Systems},
  volume={19},
  number={6},
  pages={2011--2024},
  year={2018},
  publisher={IEEE}
}

@article{liu2018coding,
  title={Coding-assisted broadcast scheduling via memetic computing in SDN-based vehicular networks},
  author={Liu, Kai and Feng, Liang and Dai, Penglin and Lee, Victor CS and Son, Sang Hyuk and Cao, Jiannong},
  journal={IEEE Transactions on Intelligent Transportation Systems},
  volume={19},
  number={8},
  pages={2420-2431},
  year={2018},
  publisher={IEEE}
}

@inproceedings{stojmenovic2014the,
  title={The fog computing paradigm: Scenarios and security issues},
  author={Stojmenovic, Ivan and Wen, Sheng},
  booktitle={2014 federated conference on computer science and information systems},
  pages={1--8},
  year={2014},
  organization={IEEE}
}

@article{shi2016edge,
  title={Edge computing: Vision and challenges},
  author={Shi, Weisong and Cao, Jie and Zhang, Quan and Li, Youhuizi and Xu, Lanyu},
  journal={IEEE Internet of Things Journal},
  volume={3},
  number={5},
  pages={637--646},
  year={2016},
  publisher={IEEE}
}

@article{zhang2017cooperative,
  title={Cooperative fog computing for dealing with big data in the internet of vehicles: Architecture and hierarchical resource management},
  author={Zhang, Wenyu and Zhang, Zhenjiang and Chao, Han-Chieh},
  journal={IEEE Communications Magazine},
  volume={55},
  number={12},
  pages={60--67},
  year={2017},
  publisher={IEEE}
}

@article{hou2016vehicular,
  title={Vehicular fog computing: A viewpoint of vehicles as the infrastructures},
  author={Hou, Xueshi and Li, Yong and Chen, Min and Wu, Di and Jin, Depeng and Chen, Sheng},
  journal={IEEE Transactions on Vehicular Technology},
  volume={65},
  number={6},
  pages={3860--3873},
  year={2016},
  publisher={IEEE}
}

@article{huang2017vehicular,
  title={Vehicular fog computing: architecture, use case, and security and forensic challenges},
  author={Huang, Cheng and Lu, Rongxing and Choo, Kim-Kwang Raymond},
  journal={IEEE Communications Magazine},
  volume={55},
  number={11},
  pages={105--111},
  year={2017},
  publisher={IEEE}
}

@article{ning2019vehicular,
  title={Vehicular fog computing: Enabling real-time traffic management for smart cities},
  author={Ning, Zhaolong and Huang, Jun and Wang, Xiaojie},
  journal={IEEE Wireless Communications},
  volume={26},
  number={1},
  pages={87--93},
  year={2019},
  publisher={IEEE}
}

@article{liu2021fog,
	author = {Liu, Kai and Xiao, Ke and Dai, Penglin and Lee, Victor CS and Guo, Songtao and Cao, Jiannong},
	journal = {IEEE Transactions on Mobile Computing},
	number = {11},
	pages = {3181--3193},
	publisher = {IEEE},
	title = {Fog computing empowered data dissemination in software defined heterogeneous vanets},
	volume = {20},
	year = {2021}}

@article{dai2021edge,  
	author={Dai, Penglin and Song, Feng and Liu, Kai and Dai, Yueyue and Zhou, Pan and Guo, Songtao},  
	journal={IEEE Transactions on Mobile Computing},   
	title={Edge Intelligence for Adaptive Multimedia Streaming in Heterogeneous Internet of Vehicles},   
	year={2021},  volume={},  number={},  pages={},  
	doi={10.1109/TMC.2021.3106147}
}

@article{zhang2022digital,  
	author={Zhang, Ke and Cao, Jiayu and Maharjan, Sabita and Zhang, Yan},  
	journal={IEEE Transactions on Computational Social Systems},  
	title={Digital twin empowered content caching in social-aware vehicular edge networks},   
	year={2022},  
	volume={9},  
	number={1},  
	pages={239-251}
}

@article{liu2020adaptive,
  title={Adaptive offloading for time-critical tasks in heterogeneous internet of vehicles},
  author={Liu, Chunhui and Liu, Kai and Guo, Songtao and Xie, Ruitao and Lee, Victor CS and Son, Sang H},
  journal={IEEE Internet of Things Journal},
  volume={7},
  number={9},
  pages={7999-8011},
  year={2020},
  publisher={IEEE}
}

@article{singh2020intent,
  title={Intent-based network for data dissemination in software-defined vehicular edge computing},
  author={Singh, Amritpal and Aujla, Gagangeet Singh and Bali, Rasmeet Singh},
  journal={IEEE Transactions on Intelligent Transportation Systems},
  volume={22},
  number={8},
  pages={5310--5318},
  year={2020},
  publisher={IEEE}
}

@article{dai2020deep,
	author = {Dai, Yueyue and Xu, Du and Zhang, Ke and Maharjan, Sabita and Zhang, Yan},
	journal = {IEEE Transactions on Vehicular Technology},
	number = {4},
	pages = {4312--4324},
	publisher = {IEEE},
	title = {Deep reinforcement learning and permissioned blockchain for content caching in vehicular edge computing and networks},
	volume = {69},
	year = {2020}}
	
@article{su2018an,
	author = {Su, Zhou and Hui, Yilong and Xu, Qichao and Yang, Tingting and Liu, Jianyi and Jia, Yunjian},
	journal = {IEEE Transactions on Vehicular Technology},
	number = {6},
	pages = {5346--5356},
	publisher = {IEEE},
	title = {An edge caching scheme to distribute content in vehicular networks},
	volume = {67},
	year = {2018}}
	
@article{shang2021deep,
	author = {Shang, Bodong and Liu, Lingjia and Tian, Zhi},
	journal = {IEEE Transactions on Vehicular Technology},
	title = {Deep Learning-Assisted Energy-Efficient Task Offloading in Vehicular Edge Computing Systems},
	year={2021},
  volume={70},
  number={9},
  pages={9619-9624}
}

@article{liao2021learning,
	author = {Liao, Haijun and Zhou, Zhenyu and Kong, Wenxuan and Chen, Yapeng and Wang, Xiaoyan and Wang, Zhongyuan and Al Otaibi, Sattam},
	journal = {IEEE Transactions on Intelligent Transportation Systems},
	publisher = {IEEE},
	title = {Learning-based intent-aware task offloading for air-ground integrated vehicular edge computing},
	 year={2021},
  volume={22},
  number={8},
  pages={5127-5139},
}

@article{zhang2019a,
	author = {Zhang, Yuanjian and Chu, Liang and Ou, Yang and Guo, Chong and Liu, Yadan and Tang, Xin},
	journal = {IEEE Transactions on Cybernetics},
	number = {1},
	pages = {40--51},
	publisher = {IEEE},
	title = {A cyber-physical system-based velocity-profile prediction method and case study of application in plug-in hybrid electric vehicle},
	volume = {51},
	year = {2019}}
	
@article{zhang2020data,
  title={Data-driven based cruise control of connected and automated vehicles under cyber-physical system framework},
  author={Zhang, Tao and Zou, Yuan and Zhang, Xudong and Guo, Ningyuan and Wang, Wenwei},
  journal={IEEE Transactions on Intelligent Transportation Systems},
  volume={22},
  number={10},
  pages={6307--6319},
  year={2020},
  publisher={IEEE}
}

@article{li2020cyber,
  author={Li, Chuan and Zhang, Hongwei and Zhang, Tianyi and Rao, Jayanthi and Wang, Le Yi and Yin, George},
  journal={IEEE Transactions on Vehicular Technology}, 
  title={Cyber-physical scheduling for predictable reliability of inter-Vehicle communications}, 
  year={2020},
  volume={69},
  number={4},
  pages={4192-4206},
}
  
@article{lian2021cyber,  
	author={Lian, Yindong and Yang, Qifan and Xie, Wei and Zhang, Langwen}, 
	journal={IEEE Transactions on Industrial Informatics},   
	title={Cyber-physical system-based heuristic planning and scheduling method for multiple automatic guided vehicles in logistics systems},   
	year={2021},  
	volume={17},  
	number={11},  
	pages={7882-7893},  
}
	
@inproceedings{dai2016a,  
	author={Dai, Penglin and Liu, Kai and Zhuge, Qingfeng and Sha, Edwin H.-M. and Lee, Victor Chung Sing and Son, Sang Hyuk},  
	booktitle={Proceedings of IEEE International Conference on Ubiquitous Intelligence and Computing (UIC)},   
	title={A convex optimization based autonomous intersection control strategy in vehicular cyber-physical systems},   
	year={2016},  
	volume={},  
	number={},  
	pages={203-210},
	publisher = {IEEE},
	address = {Toulouse, France}  
}
	
@article{hu2017cyber,
	author = {Hu, Xiaosong and Wang, Hong and Tang, Xiaolin},
	journal = {IEEE Transactions on Industrial Electronics},
	number = {11},
	pages = {8578--8587},
	publisher = {IEEE},
	title = {Cyber-physical control for energy-saving vehicle following with connectivity},
	volume = {64},
	year = {2017}}
	
@article{lv2018driving,
	author = {Lv, Chen and Hu, Xiaosong and Sangiovanni-Vincentelli, Alberto and Li, Yutong and Martinez, Clara Marina and Cao, Dongpu},
	journal = {IEEE Transactions on Industrial Electronics},
	number = {4},
	pages = {2965--2975},
	publisher = {IEEE},
	title = {Driving-style-based codesign optimization of an automated electric vehicle: A cyber-physical system approach},
	volume = {66},
	year = {2018}}
	
@article{liu2014temporal,
  author={Liu, Kai and Lee, Victor Chung Sing and Ng, Joseph Kee-Yin and Chen, Jun and Son, Sang Hyuk},
  title={Temporal data dissemination in vehicular cyber--physical systems},
  journal={IEEE Transactions on Intelligent Transportation Systems},
  volume={15},
  number={6},
  pages={2419--2431},
  year={2014},
  publisher={IEEE}
}

@article{dai2019temporal,  
	author={Dai, Penglin and Liu, Kai and Feng, Liang and Zhang, Haijun and Lee, Victor Chung Sing and Son, Sang Hyuk and Wu, Xiao},  
	journal={IEEE Transactions on Intelligent Transportation Systems},  
	title={Temporal information services in large-scale vehicular networks through evolutionary multi-objective optimization},
	year={2019},  volume={20},  number={1},  pages={218-231},  
}
	
@article{liu2014scheduling,
	author = {Liu, Kai and Lee, Victor C. S. and Ng, Joseph K. Y. and Son, Sang H. and Sha, Edwin H.-M.},
	title = {Scheduling temporal data with dynamic snapshot consistency requirement in vehicular cyber-physical systems},
	year = {2014},
	issue_date = {November 2014},
	publisher = {Association for Computing Machinery},
	address = {New York, NY, USA},
	volume = {13},
	number = {5s},
	issn = {1539-9087},
	journal = {ACM Transactions on Embedded Computing Systems},
	articleno = {163},
	numpages = {21}
}

@article{rager2017scalability,
  title={Scalability and satisfiability of quality-of-information in wireless networks},
  author={Rager, Scott T and Ciftcioglu, Ertugrul N and Ramanathan, Ram and La Porta, Thomas F and Govindan, Ramesh},
  journal={IEEE/ACM Transactions on Networking},
  volume={26},
  number={1},
  pages={398--411},
  year={2017},
  publisher={IEEE}
}

@article{yoon2021performance,  
	author={Yoon, DoHyun Daniel and Ayalew, Beshah and Ali, G. G. Md. Nawaz},  
	journal={IEEE Transactions on Intelligent Transportation Systems},   
	title={Performance of decentralized cooperative perception in v2v connected traffic},   
	year={2021},  volume={},  number={},  pages={1-14},  doi={10.1109/TITS.2021.3063107}}
	
@article{patel2021performance,
  title={Performance analysis of NOMA in vehicular communications over inid nakagami-m fading channels},
  author={Patel, Dhaval K and Shah, Hetal and Ding, Zhiguo and Guan, Yong Liang and Sun, Sumei and Chang, Yoong Choon and Lim, Joanne Mun-Yee},
  journal={IEEE Transactions on Wireless Communications},
  volume={20},
  number={10},
  pages={6254--6268},
  year={2021},
  publisher={IEEE}
}

@article{zhang2021centralized,
  title={Centralized resource allocation and distributed power control for NOMA-integrated NR V2X},
  author={Zhang, Fenghui and Wang, Michael Mao and Bao, Xuecai and Liu, Weirong},
  journal={IEEE Internet of Things Journal},
  volume={8},
  number={22},
  pages={16522--16534},
  year={2021},
  publisher={IEEE}
}

@article{zhu2021decentralized,
  title={Decentralized power allocation for MIMO-NOMA vehicular edge computing based on deep reinforcement learning},
  author={Zhu, Hongbiao and Wu, Qiong and Wu, Xiao-Jun and Fan, Qiang and Fan, Pingyi and Wang, Jiangzhou},
  journal={IEEE Internet of Things Journal},
  year={2021},
  publisher={IEEE},
  doi={10.1109/JIOT.2021.3138434}
}

@article{liu2019energy,
  title={Energy-efficient subchannel matching and power allocation in NOMA autonomous driving vehicular networks},
  author={Liu, Yupei and Zhang, Haijun and Long, Keping and Nallanathan, Arumugam and Leung, Victor CM},
  journal={IEEE Wireless Communications},
  volume={26},
  number={4},
  pages={88--93},
  year={2019},
  publisher={IEEE}
}

@article{liu2021rtds,
  title={RtDS: real-time distributed strategy for multi-period task offloading in vehicular edge computing environment},
  author={Liu, Chunhui and Liu, Kai and Ren, Hualing and Xu, Xincao and Xie, Ruitao and Cao, Jingjing},
  journal={Neural Computing and Applications},
  pages={},
  doi={10.1007/s00521-021-05766-5},
  year={2021},
  publisher={Springer}
}

@article{liu2022a,
  author={Liu, Zongkai and Dai, Penglin and Xing, Huanlai and Yu, Zhaofei and Zhang, Wei},
  journal={IEEE Transactions on Systems, Man, and Cybernetics}, 
  title={A Distributed Algorithm for Task Offloading in Vehicular Networks With Hybrid Fog/Cloud Computing}, 
  year={2022},
  volume={52},
  number={7},
  pages={4388-4401},
}
  
@article{chen2020robust,
  title={Robust computation offloading and resource scheduling in cloudlet-based mobile cloud computing},
  author={Chen, Menggang and Guo, Songtao and Liu, Kai and Liao, Xiaofeng and Xiao, Bin},
  journal={IEEE Transactions on Mobile Computing},
  volume={20},
  number={5},
  pages={2025-2040},
  year={2020},
  publisher={IEEE}
}

@article{liu2014temporal,
  title={Temporal data dissemination in vehicular cyber-physical systems},
  author={Liu, Kai and Lee, Victor Chung Sing and Ng, Joseph Kee-Yin and Chen, Jun and Son, Sang Hyuk},
  journal={IEEE Transactions on Intelligent Transportation Systems},
  volume={15},
  number={6},
  pages={2419-2431},
  year={2014},
  publisher={IEEE}
}

@article{cui2021reinforcement,
  title={Reinforcement Learning for Joint Optimization of Communication and Computation in Vehicular Networks},
  author={Cui, Yaping and Du, Lijuan and Wang, Honggang and Wu, Dapeng and Wang, Ruyan},
  journal={IEEE Transactions on Vehicular Technology},
  volume={70},
  number={12},
  pages={13062--13072},
  year={2021},
  publisher={IEEE}
}

@article{han2020reliability,
  title={Reliability-aware joint optimization for cooperative vehicular communication and computing},
  author={Han, Xu and Tian, Daxin and Sheng, Zhengguo and Duan, Xuting and Zhou, Jianshan and Hao, Wei and Long, Kejun and Chen, Min and Leung, Victor CM},
  journal={IEEE Transactions on Intelligent Transportation Systems},
  volume={22},
  number={8},
  pages={5437--5446},
  year={2020},
  publisher={IEEE}
}

@article{xu2021socially,
  title={Socially Driven Joint Optimization of Communication, Caching, and Computing Resources in Vehicular Networks},
  author={Xu, Lianming and Yang, Zexuan and Wu, Huaqing and Zhang, Yanru and Wang, Yanhui and Wang, Li and Han, Zhu},
  journal={IEEE Transactions on Wireless Communications},
  volume={21},
  number={1},
  pages={461--476},
  year={2021},
  publisher={IEEE}
}

@inproceedings{dai2021asynchronous,
  title={Asynchronous Deep Reinforcement Learning for Data-Driven Task Offloading in MEC-Empowered Vehicular Networks},
  author={Dai, Penglin and Hu, Kaiwen and Wu, Xiao and Xing, Huanlai and Yu, Zhaofei},
  booktitle={Proceedings of IEEE International Conference on Computer Communications (INFOCOM)},
  publisher={IEEE},
  address={Virtual Conference},
  year={2021}
}

@article{dai2022a,
  author={Dai, Penglin and Hu, Kaiwen and Wu, Xiao and Xing, Huanlai and Teng, Fei and Yu, Zhaofei},
  journal={IEEE Transactions on Intelligent Transportation Systems}, 
  title={A Probabilistic Approach for Cooperative Computation Offloading in MEC-Assisted Vehicular Networks}, 
  year={2022},
  volume={23},
  number={2},
  pages={899-911}}

@inproceedings{althamary2019a,
  title={A survey on multi-agent reinforcement learning methods for vehicular networks},
  author={Althamary, Ibrahim and Huang, Chih-Wei and Lin, Phone},
  booktitle={Proceedings of International Wireless Communications and Mobile Computing Conference (IWCMC)},
  pages={1154--1159},
  year={2019},
  address={Tangier, Morocco},
  publisher={IEEE}
}

@article{alam2022multi,
  title={Multi-Agent DRL-based Hungarian Algorithm (MADRLHA) for Task Offloading in Multi-Access Edge Computing Internet of Vehicles (IoVs)},
  author={Alam, Md Zahangir and Jamalipour, Abbas},
  journal={IEEE Transactions on Wireless Communications},
  doi={10.1109/TWC.2022.3160099},
  year={2022},
  publisher={IEEE}
} 
  
@article{zhang2021adaptive,
  title={Adaptive digital twin and multiagent deep reinforcement learning for vehicular edge computing and networks},
  author={Zhang, Ke and Cao, Jiayu and Zhang, Yan},
  journal={IEEE Transactions on Industrial Informatics},
  volume={18},
  number={2},
  pages={1405--1413},
  year={2021},
  publisher={IEEE}
}

@article{nie2021semi,
  title={Semi-distributed resource management in UAV-aided MEC systems: A multi-agent federated reinforcement learning approach},
  author={Nie, Yiwen and Zhao, Junhui and Gao, Feifei and Yu, F Richard},
  journal={IEEE Transactions on Vehicular Technology},
  volume={70},
  number={12},
  pages={13162--13173},
  year={2021},
  publisher={IEEE}
}

@inproceedings{zheng2022stackelberg,
  title={Stackelberg actor-critic: Game-theoretic reinforcement learning algorithms},
  author={Zheng, Liyuan and Fiez, Tanner and Alumbaugh, Zane and Chasnov, Benjamin and Ratliff, Lillian J},
  booktitle={Proceedings of AAAI Conference on Artificial Intelligence (AAAI)},
  volume={36},
  number={8},
  pages={9217--9224},
  publisher={AAAI},
  address={Virtual Conference},
  year={2022}
}

@article{albaba2021driver,
  title={Driver modeling through deep reinforcement learning and behavioral game theory},
  author={Albaba, Berat Mert and Yildiz, Yildiray},
  journal={IEEE Transactions on Control Systems Technology},
  volume={30},
  number={2},
  pages={885--892},
  year={2021},
  publisher={IEEE}
}

@inproceedings{rajeswaran2020a,
  title={A game theoretic framework for model based reinforcement learning},
  author={Rajeswaran, Aravind and Mordatch, Igor and Kumar, Vikash},
  booktitle={Proceedings of International Conference on Machine Learning (ICML)},
  pages={7953--7963},
  year={2020},
  address={Virtual Conference},
  publisher={PMLR}
}

@article{zhao2020social,
  title={Social-aware incentive mechanism for vehicular crowdsensing by deep reinforcement learning},
  author={Zhao, Yinuo and Liu, Chi Harold},
  journal={IEEE Transactions on Intelligent Transportation Systems},
  volume={22},
  number={4},
  pages={2314--2325},
  year={2020},
  publisher={IEEE}
}

@inproceedings{dong2020spatio,
  title={Spatio-weighted information fusion and DRL-based control for connected autonomous vehicles},
  author={Dong, Jiqian and Chen, Sikai and Li, Yujie and Ha, Paul Young Joun and Du, Runjia and Steinfeld, Aaron and Labi, Samuel},
  booktitle={Proceedings of IEEE International Conference on Intelligent Transportation Systems (ITSC)},
  pages={1--6},
  address={Virtual Conference},
  publisher={IEEE},
  year={2020}
}

@article{mlika2022deep,
  title={Deep Deterministic Policy Gradient to Minimize the Age of Information in Cellular V2X Communications},
  author={Mlika, Zoubeir and Cherkaoui, Soumaya},
  journal={IEEE Transactions on Intelligent Transportation Systems},
  year={2022},
  publisher={IEEE}
}

@article{he2021efficient,
  title={Efficient resource allocation for multi-beam satellite-terrestrial vehicular networks: A multi-agent actor-critic method with attention mechanism},
  author={He, Ying and Wang, Yuhang and Yu, F Richard and Lin, Qiuzhen and Li, Jianqiang and Leung, Victor CM},
  journal={IEEE Transactions on Intelligent Transportation Systems},
  volume={23},
  number={3},
  pages={2727--2738},
  year={2021},
  publisher={IEEE}
}

@article{jain2013network,
  title={Network virtualization and software defined networking for cloud computing: a survey},
  author={Jain, Raj and Paul, Subharthi},
  journal={IEEE Communications Magazine},
  volume={51},
  number={11},
  pages={24--31},
  year={2013},
  publisher={IEEE}
}

@article{chiang2016fog,
  title={Fog and IoT: An overview of research opportunities},
  author={Chiang, Mung and Zhang, Tao},
  journal={IEEE Internet of Things Journal},
  volume={3},
  number={6},
  pages={854--864},
  year={2016},
  publisher={IEEE}
}

@article{jia2015survey,
	author = {Jia, Dongyao and Lu, Kejie and Wang, Jianping and Zhang, Xiang and Shen, Xuemin},
	journal = {IEEE Communications Surveys \& Tutorials},
	number = {1},
	pages = {263--284},
	publisher = {IEEE},
	title = {A survey on platoon-based vehicular cyber-physical systems},
	volume = {18},
	year = {2015}}

@article{moltafet2020age,
	author = {Moltafet, Mohammad and Leinonen, Markus and Codreanu, Marian},
	date-modified = {2022-01-13 16:03:56 +0800},
	journal = {IEEE Transactions on Communications},
	number = {8},
	pages = {5003-5017},
	publisher = {IEEE},
	title = {On the age of information in multi-source queueing models},
	volume = {68},
	year = {2020}}
	
@inproceedings{qian2020minimizing,  
	author={Qian, Zhenzhi and Wu, Fei and Pan, Jiayu and Srinivasan, Kannan and Shroff, Ness B.},  
	booktitle={Proceedings of IEEE International Conference on Computer Communications (INFOCOM)},  
	title={Minimizing Age of Information in Multi-channel Time-sensitive Information Update Systems},   
	year={2020},  volume={},  number={},  
	pages={446-455},
	address={Virtual Conference},
	publisher={IEEE},  
}

%% 23
@article{takine2001queue,
  title={Queue length distribution in a FIFO single-server queue with multiple arrival streams having different service time distributions},
  author={Takine, Tetsuya},
  journal={Queueing System},
  volume={39},
  number={4},
  pages={349--375},
  year={2001},
  publisher={Springer}
}

@article{sadek2009distributed,
	author = {Sadek, Ahmed K and Han, Zhu and Liu, KJ Ray},
	journal = {IEEE Transactions on Mobile Computing},
	number = {4},
	pages = {505--515},
	publisher = {IEEE},
	title = {Distributed relay-assignment protocols for coverage expansion in cooperative wireless networks},
	volume = {9},
	year = {2009}}
	
@article{tandra2008snr,
	author = {Tandra, Rahul and Sahai, Anant},
	journal = {IEEE Journal of Selected Topics in Signal Processing},
	number = {1},
	pages = {4--17},
	publisher = {IEEE},
	title = {SNR walls for signal detection},
	volume = {2},
	year = {2008}}

@inproceedings{foerster2018counterfactual,
	author = {Foerster, Jakob N. and Farquhar, Gregory and Afouras, Triantafyllos and Nardelli, Nantas and Whiteson, Shimon},
	title = {Counterfactual multi-agent policy gradients},
	year = {2018},
	isbn = {978-1-57735-800-8},
	booktitle = {Proceedings of AAAI Conference on Artificial Intelligence (AAAI)},
	articleno = {363},
	numpages = {9},
	location = {New Orleans, Louisiana},
	publisher={AAAI}
}

@article{hofmann2001unsupervised,
	author = {Hofmann, Thomas},
	date-modified = {2022-01-13 16:03:56 +0800},
	journal = {Machine Learning},
	number = {1},
	pages = {177--196},
	publisher = {Springer},
	title = {Unsupervised learning by probabilistic latent semantic analysis},
	volume = {42},
	year = {2001}}

@article{wang2019delay,
  title={Delay-sensitive multi-period computation offloading with reliability guarantees in fog networks},
  author={Wang, Junhua and Liu, Kai and Li, Bin and Liu, Tingting and Li, Ruoguang and Han, Zhu},
  journal={IEEE Transactions on Mobile Computing},
  volume={19},
  number={9},
  pages={2062--2075},
  year={2019},
  publisher={IEEE}
}

@article{lillicrap2015continuous,
  title={Continuous control with deep reinforcement learning},
  author={Lillicrap, Timothy P and Hunt, Jonathan J and Pritzel, Alexander and Heess, Nicolas and Erez, Tom and Tassa, Yuval and Silver, David and Wierstra, Daan},
  journal={arXiv preprint, arXiv:1509.02971},
  year={2015}
}

@inproceedings{lowe2017multi,
  title={Multi-agent actor-critic for mixed cooperative-competitive environments},
  author={Lowe, Ryan and Wu, Yi I and Tamar, Aviv and Harb, Jean and Pieter Abbeel, OpenAI and Mordatch, Igor},
  booktitle={Proceedings of Conference on Neural Information Processing Systems (NeurIPS)},
  volume={30},
  address={Long Beach, California},
  year={2017},
  publisher={Curran Associates}
}

@article{liao2019understanding,
  title={Understanding and visualizing passengers’ travel behaviours: a device-free sensing way leveraging taxi trajectory data},
  author={Liao, Chengwu and Chen, Chao and Zhang, Zhiqing and Xie, Hong},
  journal={Personal and Ubiquitous Computing},
  pages={1--13},
  year={2019},
  publisher={Springer}
}

@article{bagheri20215g,
  title={5G NR-V2X: Toward connected and cooperative autonomous driving},
  author={Bagheri, Hamidreza and Noor-A-Rahim, Md and Liu, Zilong and Lee, Haeyoung and Pesch, Dirk and Moessner, Klaus and Xiao, Pei},
  journal={IEEE Communications Standards Magazine},
  volume={5},
  number={1},
  pages={48--54},
  year={2021},
  publisher={IEEE}
}

@article{islam2017power,  
	author={Islam, S. M. Riazul and Avazov, Nurilla and Dobre, Octavia A. and Kwak, Kyung-sup},  
	journal={IEEE Communications Surveys \& Tutorials},   
	title={Power-Domain Non-Orthogonal Multiple Access (NOMA) in 5G Systems: Potentials and Challenges},   
	year={2017},  
	volume={19},  
	number={2},  
	pages={721-742}
}

@book{chew2016potential,
  title={Potential game theory},
  author={Chew, Yong Huat and Soong, Boon-Hee and others},
  year={2016},
  publisher={Springer}
}

@book{boyd2004convex,
  title={Convex optimization},
  author={Boyd, Stephen and Boyd, Stephen P and Vandenberghe, Lieven},
  year={2004},
  publisher={Cambridge university press}
}

@inproceedings{barth2018distributed,
	title={Distributed Distributional Deterministic Policy Gradients},
	author={Gabriel Barth-Maron and Matthew W. Hoffman and David Budden and Will Dabney and Dan Horgan and Dhruva TB and Alistair Muldal and Nicolas Heess and Timothy Lillicrap},
	booktitle={Proceedings of International Conference on Learning Representations (ICLR)},
	address={Vancouver, Canada},
	publisher={Open Publishing},
	year={2018}
}
%36
@article{khan2021noma,
  title={NOMA-enabled optimization framework for next-generation small-cell IoV networks under imperfect SIC decoding},
  author={Khan, Wali Ullah and Li, Xingwang and Ihsan, Asim and Khan, Mohammad Ayoub and Menon, Varun G and Ahmed, Manzoor},
  journal={IEEE Transactions on Intelligent Transportation Systems},
  year={2021},
  publisher={IEEE},
  doi={10.1109/TITS.2021.3091402}
}
%37
@article{sun2020performance,
  title={Performance of downlink NOMA in vehicular communication networks: An analysis based on Poisson line cox point process},
  author={Sun, Yanshi and Ding, Zhiguo and Dai, Xuchu and Navaie, Keivan and So, Daniel KC},
  journal={IEEE Transactions on Vehicular Technology},
  volume={69},
  number={11},
  pages={14001--14006},
  year={2020},
  publisher={IEEE}
}
%38
@inproceedings{papandriopoulos2006low,
  title={Low-complexity distributed algorithms for spectrum balancing in multi-user DSL networks},
  author={Papandriopoulos, John and Evans, Jamie S},
  booktitle={Proceedings of IEEE International Conference on Communications (ICC)},
  volume={7},
  pages={3270--3275},
  year={2006},
  address={Istanbul, Turkey},
  publisher={IEEE}
}
%39
@article{zhou2019computation,
  title={Computation resource allocation and task assignment optimization in vehicular fog computing: A contract-matching approach},
  author={Zhou, Zhenyu and Liu, Pengju and Feng, Junhao and Zhang, Yan and Mumtaz, Shahid and Rodriguez, Jonathan},
  journal={IEEE Transactions on Vehicular Technology},
  volume={68},
  number={4},
  pages={3113--3125},
  year={2019},
  publisher={IEEE}
}

@article{zhu2017overview,
  title={Overview of environment perception for intelligent vehicles},
  author={Zhu, Hao and Yuen, Ka-Veng and Mihaylova, Lyudmila and Leung, Henry},
  journal={IEEE Transactions on Intelligent Transportation Systems},
  volume={18},
  number={10},
  pages={2584--2601},
  year={2017},
  publisher={IEEE}
}

@article{liu2022survey,
  author={Liu, An and Huang, Zhe and Li, Min and Wan, Yubo and Li, Wenrui and Han, Tony Xiao and Liu, Chenchen and Du, Rui and Tan, Danny Kai Pin and Lu, Jianmin and Shen, Yuan and Colone, Fabiola and Chetty, Kevin},
  title={A survey on fundamental limits of integrated sensing and communication},
  journal={IEEE Communications Surveys \& Tutorials},
  volume={24},
  number={2},
  pages={994--1034},
  year={2022},
  publisher={IEEE}
}

@article{saad2021advancements,
  author={Saad, Malik Muhammad and Khan, Muhammad Toaha Raza and Shah, Syed Hassan Ahmed and Kim, Dongkyun},
  title={Advancements in vehicular communication technologies: C-V2X and NR-V2X comparison},
  journal={IEEE Communications Magazine},
  volume={59},
  number={8},
  pages={107--113},
  year={2021},
  publisher={IEEE}
}

@article{nguyen2021digital,
  author={Nguyen, Huan X and Trestian, Ramona and To, Duc and Tatipamula, Mallik},
  title={Digital twin for 5G and beyond},
  journal={IEEE Communications Magazine},
  volume={59},
  number={2},
  pages={10--15},
  year={2021},
  publisher={IEEE}
}

@article{liu2022information,
  author={Liu, Yao and Li, Min and Liu, An and Lu, Jianmin and Han, Tony Xiao},
  title={Information-Theoretic Limits of Integrated Sensing and Communication With Correlated Sensing and Channel States for Vehicular Networks},
  journal={IEEE Transactions on Vehicular Technology},
  volume={71},
  number={9},
  pages={10161--10166},
  year={2022},
  publisher={IEEE}
}

@inproceedings{zhang2020sensing,
  author={Zhang, Qixun and Sun, Huan and Wei, Zhiqing and Feng, Zhiyong},
  title={Sensing and communication integrated system for autonomous driving vehicles},
  booktitle={Proceedings of IEEE International Conference on Computer Communications Workshops (INFOCOM WKSHPS)},
  pages={1278--1279},
  year={2020},
  address={Virtual Conference}
  publisher={IEEE}
}

@article{yuan2021integrated,
  author={Yuan, Weijie and Wei, Zhiqiang and Li, Shuangyang and Yuan, Jinhong and Ng, Derrick Wing Kwan},
  title={Integrated sensing and communication-assisted orthogonal time frequency space transmission for vehicular networks},
  journal={IEEE Journal of Selected Topics in Signal Processing},
  volume={15},
  number={6},
  pages={1515--1528},
  year={2021},
  publisher={IEEE}
}

	
@article{xiao2021cooperative,
  title={Cooperative coding and caching scheduling via binary particle swarm optimization in software-defined vehicular networks},
  author={Xiao, Ke and Liu, Kai and Xu, Xincao and Feng, Liang and Wu, Zhou and Zhao, Qiangwei},
  journal={Neural Computing and Applications},
  volume={33},
  number={5},
  pages={1467--1478},
  year={2021},
  publisher={Springer}
}

@article{dai2019temporal,  
	author={Dai, Penglin and Liu, Kai and Feng, Liang and Zhang, Haijun and Lee, Victor Chung Sing and Son, Sang Hyuk and Wu, Xiao},
	journal={IEEE Transactions on Intelligent Transportation Systems},  
	title={Temporal information services in large-scale vehicular networks through evolutionary multi-objective optimization},
	year={2019},  volume={20},  number={1},  pages={218-231}
	}

@misc{didi,
	date-modified = {2022-01-13 16:03:56 +0800},
	howpublished = {\url{https://outreach.didichuxing.com/research/opendata/en/}},
	title = {Data source: DiDi Chuxing GAIA Open Dataset Initiative}}

@article{wang2021deep,
  title={Deep Learning-Based Raindrop Quantity Detection for Real-Time Vehicle-Safety Application},
  author={Wang, Szu-Hong and Hsia, Shih-Chang and Zheng, Meng-Jie},
  journal={IEEE Transactions on Consumer Electronics},
  volume={67},
  number={4},
  pages={266--274},
  year={2021},
  publisher={IEEE}
}

@article{chang2018design,
  title={Design and implementation of a drowsiness-fatigue-detection system based on wearable smart glasses to increase road safety},
  author={Chang, Wan-Jung and Chen, Liang-Bi and Chiou, Yu-Zung},
  journal={IEEE Transactions on Consumer Electronics},
  volume={64},
  number={4},
  pages={461--469},
  year={2018},
  publisher={IEEE}
}

@article{wi2013electric,
  title={Electric vehicle charging method for smart homes/buildings with a photovoltaic system},
  author={Wi, Young-Min and Lee, Jong-Uk and Joo, Sung-Kwan},
  journal={IEEE Transactions on Consumer Electronics},
  volume={59},
  number={2},
  pages={323--328},
  year={2013},
  publisher={IEEE}
}

@article{chang2021an,
  author={Chang, Wan-Jung and Chen, Liang-Bi and Sie, Cheng-You and Yang, Ching-Hsiang},
  journal={IEEE Transactions on Consumer Electronics}, 
  title={An Artificial Intelligence Edge Computing-Based Assistive System for Visually Impaired Pedestrian Safety at Zebra Crossings}, 
  year={2021},
  volume={67},
  number={1},
  pages={3-11}}
  
@article{iepure2021a,
  author={Iepure, Bogdan and Morales, Aldo W.},
  journal={IEEE Transactions on Consumer Electronics}, 
  title={A Novel Tracking Algorithm Using Thermal and Optical Cameras Fused With mmWave Radar Sensor Data}, 
  year={2021},
  volume={67},
  number={4},
  pages={372-382}}
  
@article{chen2020a,
  author={Chen, Shanzhi and Hu, Jinling and Shi, Yan and Zhao, Li and Li, Wen},
  journal={IEEE Internet of Things Journal}, 
  title={A Vision of C-V2X: Technologies, Field Testing, and Challenges With Chinese Development}, 
  year={2020},
  volume={7},
  number={5},
  pages={3872-3881}}
  
  
@article{xu2022service,
  author={Xu, Xiaolong and Shen, Bowen and Ding, Sheng and Srivastava, Gautam and Bilal, Muhammad and Khosravi, Mohammad R. and Menon, Varun G and Jan, Mian Ahmad and Wang, Maoli},
  journal={IEEE Transactions on Industrial Informatics}, 
  title={Service Offloading With Deep Q-Network for Digital Twinning-Empowered Internet of Vehicles in Edge Computing}, 
  year={2022},
  volume={18},
  number={2},
  pages={1414-1423}} 
  
@article{zhao2020intelligent,
  author={Zhao, Liang and Han, Guangjie and Li, Zhuhui and Shu, Lei},
  journal={IEEE Network}, 
  title={Intelligent Digital Twin-Based Software-Defined Vehicular Networks}, 
  year={2020},
  volume={34},
  number={5},
  pages={178-184}}
  
@article{liu2022fedcpf,
  author={Liu, Su and Yu, Jiong and Deng, Xiaoheng and Wan, Shaohua},
  journal={IEEE Transactions on Intelligent Transportation Systems}, 
  title={FedCPF: An Efficient-Communication Federated Learning Approach for Vehicular Edge Computing in 6G Communication Networks}, 
  year={2022},
  volume={23},
  number={2},
  pages={1616-1629}}
  
@article{kumar2022multi,
  author={Kumar, Anitha Saravana and Zhao, Lian and Fernando, Xavier},
  journal={IEEE Transactions on Vehicular Technology}, 
  title={Multi-Agent Deep Reinforcement Learning-Empowered Channel Allocation in Vehicular Networks}, 
  year={2022},
  volume={71},
  number={2},
  pages={1726-1736}}
  
@article{mugabarigira2023context,
  author={Mugabarigira, Bien Aime and Shen, Yiwen and Jeong, Jaehoon and Oh, Tae and Jeong, Han-You},
  journal={IEEE Transactions on Intelligent Transportation Systems}, 
  title={Context-Aware Navigation Protocol for Safe Driving in Vehicular Cyber-Physical Systems}, 
  year={2023},
  volume={24},
  number={1},
  pages={128-138}}@article{lang2022cooperative,
  author={Lang, Ping and Tian, Daxin and Duan, Xuting and Zhou, Jianshan and Sheng, Zhengguo and Leung, Victor C. M.},
  journal={IEEE Transactions on Intelligent Vehicles}, 
  title={Cooperative Computation Offloading in Blockchain-Based Vehicular Edge Computing Networks}, 
  year={2022},
  volume={7},
  number={3},
  pages={783-798}}
  
@article{zhao2022foundation,
  author={Zhao, Chen and Dai, Xingyuan and Lv, Yisheng and Tian, Yonglin and Ren, Yuhai and Wang, Fei-Yue},
  journal={IEEE Intelligent Systems}, 
  title={Foundation Models for Transportation Intelligence: ITS Convergence in TransVerse}, 
  year={2022},
  volume={37},
  number={6},
  pages={77-82}}@aritcle{agiwal2016next,
  author={Agiwal, Mamta and Roy, Abhishek and Saxena, Navrati},
  journal={IEEE Communications Surveys \& Tutorials}, 
  title={Next Generation 5G Wireless Networks: A Comprehensive Survey}, 
  year={2016},
  volume={18},
  number={3},
  pages={1617-1655}}
@aritcle{araniti2013lte,
  author={Araniti, Giuseppe and Campolo, Claudia and Condoluci, Massimo and Iera, Antonio and Molinaro, Antonella},
  journal={IEEE Communications Magazine}, 
  title={LTE for vehicular networking: a survey}, 
  year={2013},
  volume={51},
  number={5},
  pages={148-157}}
  
@article{ucar2015multihop,
  title={Multihop-cluster-based IEEE 802.11 p and LTE hybrid architecture for VANET safety message dissemination},
  author={Ucar, Seyhan and Ergen, Sinem Coleri and Ozkasap, Oznur},
  journal={IEEE Transactions on Vehicular Technology},
  volume={65},
  number={4},
  pages={2621--2636},
  year={2015},
  publisher={IEEE}
}

@article{dai2018bandwidth,
  title={Bandwidth efficiency and service adaptiveness oriented data dissemination in heterogeneous vehicular networks},
  author={Dai, Penglin and Liu, Kai and Wu, Xiao and Liao, Yong and Lee, Victor Chung Sing and Son, Sang Hyuk},
  journal={IEEE Transactions on Vehicular Technology},
  volume={67},
  number={7},
  pages={6585--6598},
  year={2018},
  publisher={IEEE}
}

@article{ahmed2018cooperative,
  title={Cooperative vehicular networking: A survey},
  author={Ahmed, Ejaz and Gharavi, Hamid},
  journal={IEEE Transactions on Intelligent Transportation Systems},
  volume={19},
  number={3},
  pages={996--1014},
  year={2018},
  publisher={IEEE}
}

@article{zhai2018optimization,
  title={Optimization algorithms for multiaccess green communications in Internet of Things},
  author={Zhai, Xiangping and Guan, Xiaoxiao and Zhu, Chunsheng and Shu, Lei and Yuan, Jiabin},
  journal={IEEE Internet of Things Journal},
  volume={5},
  number={3},
  pages={1739--1748},
  year={2018},
  publisher={IEEE}
}

@article{zhai2019fast,
  title={Fast admission control and power optimization with adaptive rates for communication fairness in wireless networks},
  author={Zhai, Xiangping Bryce and Liu, Xin and Zhu, Chunsheng and Zhu, Kun and Chen, Bing},
  journal={IEEE Transactions on Mobile Computing},
  volume={20},
  number={3},
  pages={1017--1026},
  year={2019},
  publisher={IEEE}
}

@article{babbar2022lbsmt,
  title={Lbsmt: Load balancing switch migration algorithm for cooperative communication intelligent transportation systems},
  author={Babbar, Himanshi and Rani, Shalli and Bashir, Ali Kashif and Nawaz, Raheel},
  journal={IEEE Transactions on Green Communications and Networking},
  volume={6},
  number={3},
  pages={1386--1395},
  year={2022},
  publisher={IEEE}
}

@article{dai2016adaptive,
  title={Adaptive scheduling for real-time and temporal information services in vehicular networks},
  author={Dai, Penglin and Liu, Kai and Feng, Liang and Zhuge, Qingfeng and Lee, Victor CS and Son, Sang H},
  journal={Transportation Research Part C: Emerging Technologies},
  volume={71},
  pages={313--332},
  year={2016},
  publisher={Elsevier}
}

@article{wang2017dynamic,
  title={Dynamic clustering and cooperative scheduling for vehicle-to-vehicle communication in bidirectional road scenarios},
  author={Wang, Junhua and Liu, Kai and Xiao, Ke and Chen, Chao and Wu, Weiwei and Lee, Victor CS and Son, Sang Hyuk},
  journal={IEEE Transactions on Intelligent Transportation Systems},
  volume={19},
  number={6},
  pages={1913--1924},
  year={2017},
  publisher={IEEE}
}

@article{peng2017resource,
  title={Resource allocation for cellular-based inter-vehicle communications in autonomous multiplatoons},
  author={Peng, Haixia and Li, Dazhou and Ye, Qiang and Abboud, Khadige and Zhao, Hai and Zhuang, Weihua and Shen, Xuemin},
  journal={IEEE Transactions on Vehicular Technology},
  volume={66},
  number={12},
  pages={11249--11263},
  year={2017},
  publisher={IEEE}
}

@article{ahmed2018secure,
  title={Secure resource allocation for LTE-based V2X service},
  author={Ahmed, Kazi J and Lee, Myung J},
  journal={IEEE Transactions on Vehicular Technology},
  volume={67},
  number={12},
  pages={11324--11331},
  year={2018},
  publisher={IEEE}
}

@article{dai2016quality,
  title={Quality-of-experience-oriented autonomous intersection control in vehicular networks},
  author={Dai, Penglin and Liu, Kai and Zhuge, Qingfeng and Sha, Edwin H-M and Lee, Victor Chung Sing and Son, Sang Hyuk},
  journal={IEEE Transactions on Intelligent Transportation Systems},
  volume={17},
  number={7},
  pages={1956--1967},
  year={2016},
  publisher={IEEE}
}

@article{wang2018offloading,
  title={Offloading in Internet of vehicles: A fog-enabled real-time traffic management system},
  author={Wang, Xiaojie and Ning, Zhaolong and Wang, Lei},
  journal={IEEE Transactions on Industrial Informatics},
  volume={14},
  number={10},
  pages={4568--4578},
  year={2018},
  publisher={IEEE}
}

@article{sun2018cooperative,
  title={Cooperative task scheduling for computation offloading in vehicular cloud},
  author={Sun, Fei and Hou, Fen and Cheng, Nan and Wang, Miao and Zhou, Haibo and Gui, Lin and Shen, Xuemin},
  journal={IEEE Transactions on Vehicular Technology},
  volume={67},
  number={11},
  pages={11049--11061},
  year={2018},
  publisher={IEEE}
}

@inproceedings{yao2013delay,
  title={Delay analysis and study of IEEE 802.11 p based DSRC safety communication in a highway environment},
  author={Yao, Yuan and Rao, Lei and Liu, Xue and Zhou, Xingshe},
  booktitle={Proceedings of IEEE International Conference on Computer Communications (INFOCOM)},
  pages={1591--1599},
  year={2013},
  organization={IEEE}
}

@article{zheng2015performance,
  title={Performance modeling and analysis of the IEEE 802.11 p EDCA mechanism for VANET},
  author={Zheng, Jun and Wu, Qiong},
  journal={IEEE Transactions on Vehicular Technology},
  volume={65},
  number={4},
  pages={2673--2687},
  year={2015},
  publisher={IEEE}
}

@article{peng2016performance,
  title={Performance analysis of IEEE 802.11 p DCF for multiplatooning communications with autonomous vehicles},
  author={Peng, Haixia and Li, Dazhou and Abboud, Khadige and Zhou, Haibo and Zhao, Hai and Zhuang, Weihua and Shen, Xuemin},
  journal={IEEE Transactions on Vehicular Technology},
  volume={66},
  number={3},
  pages={2485--2498},
  year={2016},
  publisher={IEEE}
}

@inproceedings{anwar2019physical,
  title={Physical layer evaluation of V2X communications technologies: 5G NR-V2X, LTE-V2X, IEEE 802.11 bd, and IEEE 802.11 p},
  author={Anwar, Waqar and Franchi, Norman and Fettweis, Gerhard},
  booktitle={2019 IEEE 90th Vehicular Technology Conference (VTC2019-Fall)},
  pages={1--7},
  year={2019},
  organization={IEEE}
}

@article{moradi-pari2023dsrc,
  author={Moradi-Pari, Ehsan and Tian, Danyang and Bahramgiri, Mojtaba and Rajab, Samer and Bai, Sue},
  journal={IEEE Transactions on Intelligent Transportation Systems}, 
  title={DSRC Versus LTE-V2X: Empirical Performance Analysis of Direct Vehicular Communication Technologies}, 
  year={2023},
  volume={},
  number={},
  pages={1-0},
  doi={10.1109/TITS.2023.3247339}}
  
@article{song2018real,
  author={Song, Wenjie and Yang, Yi and Fu, Mengyin and Qiu, Fan and Wang, Meiling},
  journal={IEEE Transactions on Intelligent Transportation Systems}, 
  title={Real-Time Obstacles Detection and Status Classification for Collision Warning in a Vehicle Active Safety System}, 
  year={2018},
  volume={19},
  number={3},
  pages={758-773}}
  
@inproceedings{wu2019series,
  author={Wu, Kuan-Hsun and Lin, Ding-Bing and Wang, Chung-Wei and Chou, Hsi-Tseng},
  booktitle={2019 Joint International Symposium on Electromagnetic Compatibility, Sapporo and Asia-Pacific International Symposium on Electromagnetic Compatibility (EMC Sapporo/APEMC)}, 
  title={Series Feed Broadband Patch Array Antenna Design for Vehicle Collision Warning Radar System}, 
  year={2019},
  volume={},
  number={},
  pages={490-493}}@article{wang2016vision,
  title={Vision-based two-step brake detection method for vehicle collision avoidance},
  author={Wang, Xueming and Tang, Jinhui and Niu, Jianwei and Zhao, Xiaoke},
  journal={Neurocomputing},
  volume={173},
  pages={450--461},
  year={2016},
  publisher={Elsevier}
}

@article{song2018lane,
  title={Lane detection and classification for forward collision warning system based on stereo vision},
  author={Song, Wenjie and Yang, Yi and Fu, Mengyin and Li, Yujun and Wang, Meiling},
  journal={IEEE Sensors Journal},
  volume={18},
  number={12},
  pages={5151--5163},
  year={2018},
  publisher={IEEE}
}

@article{hafner2013cooperative,
  title={Cooperative collision avoidance at intersections: Algorithms and experiments},
  author={Hafner, Michael R and Cunningham, Drew and Caminiti, Lorenzo and Del Vecchio, Domitilla},
  journal={IEEE Transactions on Intelligent Transportation Systems},
  volume={14},
  number={3},
  pages={1162--1175},
  year={2013},
  publisher={IEEE}
}

@inproceedings{gelbal2017elastic,
  title={Elastic band based pedestrian collision avoidance using V2X communication},
  author={Gelbal, Sukru Yaren and Arslan, Sibel and Wang, Haoan and Aksun-Guvenc, Bilin and Guvenc, Levent},
  booktitle={2017 IEEE intelligent vehicles symposium (IV)},
  pages={270--276},
  year={2017},
  organization={IEEE}
}

@book{samoradnitsky2017stable,
  title={Stable non-Gaussian random processes: stochastic models with infinite variance},
  author={Samoradnitsky, Gennady},
  year={2017},
  publisher={Routledge}
}

@article{fama1971parameter,
  title={Parameter estimates for symmetric stable distributions},
  author={Fama, Eugene F and Roll, Richard},
  journal={Journal of the American statistical association},
  volume={66},
  number={334},
  pages={331--338},
  year={1971},
  publisher={Taylor \& Francis}
}

@article{koutrouvelis1980regression,
  title={Regression-type estimation of the parameters of stable laws},
  author={Koutrouvelis, Ioannis A},
  journal={Journal of the American statistical association},
  volume={75},
  number={372},
  pages={918--928},
  year={1980},
  publisher={Taylor \& Francis}
}

@article{vogel2003comparison,
  title={A comparison of headway and time to collision as safety indicators},
  author={Vogel, Katja},
  journal={Accident analysis \& prevention},
  volume={35},
  number={3},
  pages={427--433},
  year={2003},
  publisher={Elsevier}
}

@article{uppoor2013generation,
  title={Generation and analysis of a large-scale urban vehicular mobility dataset},
  author={Uppoor, Sandesh and Trullols-Cruces, Oscar and Fiore, Marco and Barcelo-Ordinas, Jose M},
  journal={IEEE Transactions on Mobile Computing},
  volume={13},
  number={5},
  pages={1061--1075},
  year={2013},
  publisher={IEEE}
}